% This file was created with JabRef 2.10.
% Encoding: UTF-8


@TechReport{ens-info-fr,
  Title                    = {L'enseignement de l'informatique en France : Il est urgent de ne plus attendre},
  Author                   = {Institut de France},
  Institution              = {Académie des sciences},
  Year                     = {2013},
  Month                    = {Mai},

  Owner                    = {Simon Claessens},
  Timestamp                = {2014.05.14},
  Url                      = {http://www.academie-sciences.fr/activite/rapport/rads_0513.pdf}
}

@TechReport{comput-school,
  Title                    = {Shut down or restart? The way forward for computing in UK schools},
  Author                   = {Steve Furber},
  Institution              = {The royal society},
  Year                     = {2012},
  Month                    = {Janvier},

  Owner                    = {Simon Claessens},
  Timestamp                = {2014.05.14},
  Url                      = {https://royalsociety.org/~/media/Royal_Society_Content/education/policy/computing-in-schools/2012-01-12-Computing-in-Schools.pdf}
}

@Misc{wiki:bac-sc,
  Title                    = {Baccalauréat scientifique},

  Author                   = {Wikipédia},
  HowPublished             = {\url{http://fr.wikipedia.org/wiki/Baccalaur%C3%A9at_scientifique}},
  Month                    = {Avril},
  Year                     = {2014},

  Owner                    = {Simon Claessens},
  Timestamp                = {2014.05.14},
  Url                      = {http://fr.wikipedia.org/wiki/Baccalaur%C3%A9at_scientifique}
}

@Misc{wiki:info-et-sc-du-num,
  Title                    = {Informatique et sciences du numérique},

  Author                   = {Wikipédia},
  HowPublished             = {\url{http://fr.wikipedia.org/wiki/Informatique_et_sciences_du_num%C3%A9rique}},
  Month                    = {Avril},
  Year                     = {2014},

  Owner                    = {Simon Claessens},
  Timestamp                = {2014.05.14},
  Url                      = {http://fr.wikipedia.org/wiki/Informatique_et_sciences_du_num%C3%A9rique}
}

